@article{karevan2020transductive,
  title={Transductive LSTM for time-series prediction: An application to weather forecasting},
  author={Karevan, Zahra and Suykens, Johan AK},
  journal={Neural Networks},
  volume={125},
  pages={1--9},
  year={2020},
  publisher={Elsevier}
}

@article{wu2023interpretable,
  title={Interpretable weather forecasting for worldwide stations with a unified deep model},
  author={Wu, Haixu and Zhou, Hang and Long, Mingsheng and Wang, Jianmin},
  journal={Nature Machine Intelligence},
  pages={1--10},
  year={2023},
  publisher={Nature Publishing Group UK London}
}

@article{zhang2023skilful,
  title={Skilful nowcasting of extreme precipitation with NowcastNet},
  author={Zhang, Yuchen and Long, Mingsheng and Chen, Kaiyuan and Xing, Lanxiang and Jin, Ronghua and Jordan, Michael I and Wang, Jianmin},
  journal={Nature},
  volume={619},
  number={7970},
  pages={526--532},
  year={2023},
  publisher={Nature Publishing Group UK London}
}

@article{bao2017deep,
  title={A deep learning framework for financial time series using stacked autoencoders and long-short term memory},
  author={Bao, Wei and Yue, Jun and Rao, Yulei},
  journal={PloS one},
  volume={12},
  number={7},
  pages={e0180944},
  year={2017},
  publisher={Public Library of Science San Francisco, CA USA}
}

@article{sezer2020financial,
  title={Financial time series forecasting with deep learning: A systematic literature review: 2005--2019},
  author={Sezer, Omer Berat and Gudelek, Mehmet Ugur and Ozbayoglu, Ahmet Murat},
  journal={Applied soft computing},
  volume={90},
  pages={106181},
  year={2020},
  publisher={Elsevier}
}

@article{zeger2006time,
  title={On time series analysis of public health and biomedical data},
  author={Zeger, Scott L and Irizarry, Rafael and Peng, Roger D},
  journal={Annu. Rev. Public Health},
  volume={27},
  pages={57--79},
  year={2006},
  publisher={Annual Reviews}
}

@inproceedings{lee2018deephit,
  title={Deephit: A deep learning approach to survival analysis with competing risks},
  author={Lee, Changhee and Zame, William and Yoon, Jinsung and Van Der Schaar, Mihaela},
  booktitle={Proceedings of the AAAI conference on artificial intelligence},
  volume={32},
  number={1},
  year={2018}
}

@article{vaswani2017attention,
  title={Attention is all you need},
  author={Vaswani, Ashish and Shazeer, Noam and Parmar, Niki and Uszkoreit, Jakob and Jones, Llion and Gomez, Aidan N and Kaiser, {\L}ukasz and Polosukhin, Illia},
  journal={Advances in neural information processing systems},
  volume={30},
  year={2017}
}

@article{devlin2018bert,
  title={Bert: Pre-training of deep bidirectional transformers for language understanding},
  author={Devlin, Jacob and Chang, Ming-Wei and Lee, Kenton and Toutanova, Kristina},
  journal={arXiv preprint arXiv:1810.04805},
  year={2018}
}

@article{radford2018improving,
  title={Improving language understanding by generative pre-training},
  author={Radford, Alec and Narasimhan, Karthik and Salimans, Tim and Sutskever, Ilya and others},
  year={2018},
  publisher={OpenAI}
}

@article{dosovitskiy2020image,
  title={An image is worth 16x16 words: Transformers for image recognition at scale},
  author={Dosovitskiy, Alexey and Beyer, Lucas and Kolesnikov, Alexander and Weissenborn, Dirk and Zhai, Xiaohua and Unterthiner, Thomas and Dehghani, Mostafa and Minderer, Matthias and Heigold, Georg and Gelly, Sylvain and others},
  journal={arXiv preprint arXiv:2010.11929},
  year={2020}
}

@inproceedings{liu2021swin,
  title={Swin transformer: Hierarchical vision transformer using shifted windows},
  author={Liu, Ze and Lin, Yutong and Cao, Yue and Hu, Han and Wei, Yixuan and Zhang, Zheng and Lin, Stephen and Guo, Baining},
  booktitle={Proceedings of the IEEE/CVF international conference on computer vision},
  pages={10012--10022},
  year={2021}
}

@article{nie2022time,
  title={A time series is worth 64 words: Long-term forecasting with transformers},
  author={Nie, Yuqi and Nguyen, Nam H and Sinthong, Phanwadee and Kalagnanam, Jayant},
  journal={arXiv preprint arXiv:2211.14730},
  year={2022}
}

@article{liu2023itransformer,
  title={itransformer: Inverted transformers are effective for time series forecasting},
  author={Liu, Yong and Hu, Tengge and Zhang, Haoran and Wu, Haixu and Wang, Shiyu and Ma, Lintao and Long, Mingsheng},
  journal={arXiv preprint arXiv:2310.06625},
  year={2023}
}

@article{xu2023multimodal,
  title={Multimodal learning with transformers: A survey},
  author={Xu, Peng and Zhu, Xiatian and Clifton, David A},
  journal={IEEE Transactions on Pattern Analysis and Machine Intelligence},
  year={2023},
  publisher={IEEE}
}

@inproceedings{sun2019videobert,
  title={Videobert: A joint model for video and language representation learning},
  author={Sun, Chen and Myers, Austin and Vondrick, Carl and Murphy, Kevin and Schmid, Cordelia},
  booktitle={Proceedings of the IEEE/CVF international conference on computer vision},
  pages={7464--7473},
  year={2019}
}

@inproceedings{radford2021learning,
  title={Learning transferable visual models from natural language supervision},
  author={Radford, Alec and Kim, Jong Wook and Hallacy, Chris and Ramesh, Aditya and Goh, Gabriel and Agarwal, Sandhini and Sastry, Girish and Askell, Amanda and Mishkin, Pamela and Clark, Jack and others},
  booktitle={International conference on machine learning},
  pages={8748--8763},
  year={2021},
  organization={PMLR}
}

@inproceedings{li2022blip,
  title={Blip: Bootstrapping language-image pre-training for unified vision-language understanding and generation},
  author={Li, Junnan and Li, Dongxu and Xiong, Caiming and Hoi, Steven},
  booktitle={International Conference on Machine Learning},
  pages={12888--12900},
  year={2022},
  organization={PMLR}
}

@article{williams2001multivariate,
  title={Multivariate vehicular traffic flow prediction: evaluation of ARIMAX modeling},
  author={Williams, Billy M},
  journal={Transportation Research Record},
  volume={1776},
  number={1},
  pages={194--200},
  year={2001},
  publisher={SAGE Publications Sage CA: Los Angeles, CA}
}

@inproceedings{vagropoulos2016comparison,
  title={Comparison of SARIMAX, SARIMA, modified SARIMA and ANN-based models for short-term PV generation forecasting},
  author={Vagropoulos, Stylianos I and Chouliaras, GI and Kardakos, Evaggelos G and Simoglou, Christos K and Bakirtzis, Anastasios G},
  booktitle={2016 IEEE international energy conference (ENERGYCON)},
  pages={1--6},
  year={2016},
  organization={IEEE}
}

@article{nicholson2017varx,
  title={VARX-L: Structured regularization for large vector autoregressions with exogenous variables},
  author={Nicholson, William B and Matteson, David S and Bien, Jacob},
  journal={International Journal of Forecasting},
  volume={33},
  number={3},
  pages={627--651},
  year={2017},
  publisher={Elsevier}
}

@article{wu2021autoformer,
  title={Autoformer: Decomposition transformers with auto-correlation for long-term series forecasting},
  author={Wu, Haixu and Xu, Jiehui and Wang, Jianmin and Long, Mingsheng},
  journal={Advances in Neural Information Processing Systems},
  volume={34},
  pages={22419--22430},
  year={2021}
}

@inproceedings{zhou2022fedformer,
  title={Fedformer: Frequency enhanced decomposed transformer for long-term series forecasting},
  author={Zhou, Tian and Ma, Ziqing and Wen, Qingsong and Wang, Xue and Sun, Liang and Jin, Rong},
  booktitle={International Conference on Machine Learning},
  pages={27268--27286},
  year={2022},
  organization={PMLR}
}

@article{woo2022etsformer,
  title={Etsformer: Exponential smoothing transformers for time-series forecasting},
  author={Woo, Gerald and Liu, Chenghao and Sahoo, Doyen and Kumar, Akshat and Hoi, Steven},
  journal={arXiv preprint arXiv:2202.01381},
  year={2022}
}

@article{liu2023koopa,
  title={Koopa: Learning Non-stationary Time Series Dynamics with Koopman Predictors},
  author={Liu, Yong and Li, Chenyu and Wang, Jianmin and Long, Mingsheng},
  journal={arXiv preprint arXiv:2305.18803},
  year={2023}
}

@inproceedings{zhou2021informer,
  title={Informer: Beyond efficient transformer for long sequence time-series forecasting},
  author={Zhou, Haoyi and Zhang, Shanghang and Peng, Jieqi and Zhang, Shuai and Li, Jianxin and Xiong, Hui and Zhang, Wancai},
  booktitle={Proceedings of the AAAI conference on artificial intelligence},
  volume={35},
  number={12},
  pages={11106--11115},
  year={2021}
}

@inproceedings{zhang2022crossformer,
  title={Crossformer: Transformer utilizing cross-dimension dependency for multivariate time series forecasting},
  author={Zhang, Yunhao and Yan, Junchi},
  booktitle={The Eleventh International Conference on Learning Representations},
  year={2022}
}

@article{liu2022non,
  title={Non-stationary Transformers: Exploring the Stationarity in Time Series Forecasting},
  author={Liu, Yong and Wu, Haixu and Wang, Jianmin and Long, Mingsheng},
  booktitle={Advances in Neural Information Processing Systems},
  year={2022}
}

@inproceedings{wu2023timesnet,
  title={TimesNet: Temporal 2D-Variation Modeling for General Time Series Analysis},
  author={Haixu Wu and Tengge Hu and Yong Liu and Hang Zhou and Jianmin Wang and Mingsheng Long},
  booktitle={International Conference on Learning Representations},
  year={2023},
}

@article{liu2022scinet,
  title={Scinet: Time series modeling and forecasting with sample convolution and interaction},
  author={Liu, Minhao and Zeng, Ailing and Chen, Muxi and Xu, Zhijian and Lai, Qiuxia and Ma, Lingna and Xu, Qiang},
  journal={Advances in Neural Information Processing Systems},
  volume={35},
  pages={5816--5828},
  year={2022}
}

@article{li2023revisiting,
  title={Revisiting Long-term Time Series Forecasting: An Investigation on Linear Mapping},
  author={Li, Zhe and Qi, Shiyi and Li, Yiduo and Xu, Zenglin},
  journal={arXiv preprint arXiv:2305.10721},
  year={2023}
}

@inproceedings{zeng2023transformers,
  title={Are transformers effective for time series forecasting?},
  author={Zeng, Ailing and Chen, Muxi and Zhang, Lei and Xu, Qiang},
  booktitle={Proceedings of the AAAI conference on artificial intelligence},
  volume={37},
  number={9},
  pages={11121--11128},
  year={2023}
}

@article{das2023long,
  title={Long-term Forecasting with TiDE: Time-series Dense Encoder},
  author={Das, Abhimanyu and Kong, Weihao and Leach, Andrew and Sen, Rajat and Yu, Rose},
  journal={arXiv preprint arXiv:2304.08424},
  year={2023}
}

@article{olivares2023neural,
  title={Neural basis expansion analysis with exogenous variables: Forecasting electricity prices with NBEATSx},
  author={Olivares, Kin G and Challu, Cristian and Marcjasz, Grzegorz and Weron, Rafa{\l} and Dubrawski, Artur},
  journal={International Journal of Forecasting},
  volume={39},
  number={2},
  pages={884--900},
  year={2023},
  publisher={Elsevier}
}

@article{li2019enhancing,
  title={Enhancing the locality and breaking the memory bottleneck of transformer on time series forecasting},
  author={Li, Shiyang and Jin, Xiaoyong and Xuan, Yao and Zhou, Xiyou and Chen, Wenhu and Wang, Yu-Xiang and Yan, Xifeng},
  journal={Advances in neural information processing systems},
  volume={32},
  year={2019}
}

@article{xue2023make,
  title={Make Transformer Great Again for Time Series Forecasting: Channel Aligned Robust Dual Transformer},
  author={Xue, Wang and Zhou, Tian and Wen, QingSong and Gao, Jinyang and Ding, Bolin and Jin, Rong},
  journal={arXiv preprint arXiv:2305.12095},
  year={2023}
}

@article{li2021align,
  title={Align before fuse: Vision and language representation learning with momentum distillation},
  author={Li, Junnan and Selvaraju, Ramprasaath and Gotmare, Akhilesh and Joty, Shafiq and Xiong, Caiming and Hoi, Steven Chu Hong},
  journal={Advances in neural information processing systems},
  volume={34},
  pages={9694--9705},
  year={2021}
}

@article{lago2021forecasting,
  title={Forecasting day-ahead electricity prices: A review of state-of-the-art algorithms, best practices and an open-access benchmark},
  author={Lago, Jesus and Marcjasz, Grzegorz and De Schutter, Bart and Weron, Rafa{\l}},
  journal={Applied Energy},
  volume={293},
  pages={116983},
  year={2021},
  publisher={Elsevier}
}

@article{paszke2019pytorch,
  title={Pytorch: An imperative style, high-performance deep learning library},
  author={Paszke, Adam and Gross, Sam and Massa, Francisco and Lerer, Adam and Bradbury, James and Chanan, Gregory and Killeen, Trevor and Lin, Zeming and Gimelshein, Natalia and Antiga, Luca and others},
  journal={Advances in neural information processing systems},
  volume={32},
  year={2019}
}

@article{kingma2014adam,
  title={Adam: A method for stochastic optimization},
  author={Kingma, Diederik P and Ba, Jimmy},
  journal={arXiv preprint arXiv:1412.6980},
  year={2014}
}

@article{bennett2014autoregressive,
  title={Autoregressive with exogenous variables and neural network short-term load forecast models for residential low voltage distribution networks},
  author={Bennett, Christopher and Stewart, Rodney A and Lu, Junwei},
  journal={Energies},
  volume={7},
  number={5},
  pages={2938--2960},
  year={2014},
  publisher={Multidisciplinary Digital Publishing Institute}
}

@article{weron2014electricity,
  title={Electricity price forecasting: A review of the state-of-the-art with a look into the future},
  author={Weron, Rafa{\l}},
  journal={International journal of forecasting},
  volume={30},
  number={4},
  pages={1030--1081},
  year={2014},
  publisher={Elsevier}
}

@article{lv2014traffic,
  title={Traffic flow prediction with big data: A deep learning approach},
  author={Lv, Yisheng and Duan, Yanjie and Kang, Wenwen and Li, Zhengxi and Wang, Fei-Yue},
  journal={IEEE Transactions on Intelligent Transportation Systems},
  volume={16},
  number={2},
  pages={865--873},
  year={2014},
  publisher={IEEE}
}

@inproceedings{lea2017temporal,
  title={Temporal convolutional networks for action segmentation and detection},
  author={Lea, Colin and Flynn, Michael D and Vidal, Rene and Reiter, Austin and Hager, Gregory D},
  booktitle={proceedings of the IEEE Conference on Computer Vision and Pattern Recognition},
  pages={156--165},
  year={2017}
}


@inproceedings{lai2018modeling,
  title={Modeling long-and short-term temporal patterns with deep neural networks},
  author={Lai, Guokun and Chang, Wei-Cheng and Yang, Yiming and Liu, Hanxiao},
  booktitle={The 41st international ACM SIGIR conference on research \& development in information retrieval},
  pages={95--104},
  year={2018}
}

@article{salinas2020deepar,
  title={DeepAR: Probabilistic forecasting with autoregressive recurrent networks},
  author={Salinas, David and Flunkert, Valentin and Gasthaus, Jan and Januschowski, Tim},
  journal={International Journal of Forecasting},
  volume={36},
  number={3},
  pages={1181--1191},
  year={2020},
  publisher={Elsevier}
}

@article{oreshkin2019n,
  title={N-BEATS: Neural basis expansion analysis for interpretable time series forecasting},
  author={Oreshkin, Boris N and Carpov, Dmitri and Chapados, Nicolas and Bengio, Yoshua},
  journal={arXiv preprint arXiv:1905.10437},
  year={2019}
}

@inproceedings{liu2021pyraformer,
  title={Pyraformer: Low-complexity pyramidal attention for long-range time series modeling and forecasting},
  author={Liu, Shizhan and Yu, Hang and Liao, Cong and Li, Jianguo and Lin, Weiyao and Liu, Alex X and Dustdar, Schahram},
  booktitle={International conference on learning representations},
  year={2021}
}

@article{lim2021temporal,
  title={Temporal fusion transformers for interpretable multi-horizon time series forecasting},
  author={Lim, Bryan and Ar{\i}k, Sercan {\"O} and Loeff, Nicolas and Pfister, Tomas},
  journal={International Journal of Forecasting},
  volume={37},
  number={4},
  pages={1748--1764},
  year={2021},
  publisher={Elsevier}
}



@inproceedings{kornblith2019similarity,
  title={Similarity of neural network representations revisited},
  author={Kornblith, Simon and Norouzi, Mohammad and Lee, Honglak and Hinton, Geoffrey},
  booktitle={International conference on machine learning},
  pages={3519--3529},
  year={2019},
  organization={PMLR}
}

@inproceedings{dong2023simmtm,
  title={SimMTM: A Simple Pre-Training Framework for Masked Time-Series Modeling},
  author={Dong, Jiaxiang and Wu, Haixu and Zhang, Haoran and Zhang, Li and Wang, Jianmin and Long, Mingsheng},
  booktitle={NeurIPS},
  year={2023}
}